% MAIN

% [AlgoWiki. Открытая энциклопедия свойств алгоритмов https://algowiki-project.org] 

@misc{AlgoWiki_main,
  title = {{AlgoWiki. Открытая энциклопедия свойств алгоритмов.}},
  howpublished = "\url{https://algowiki-project.org}"
}

% [В.В. Воеводин, Вл.В. Воеводин. Параллельные вычисления. СПб.: БХВ-Петербург, 2002. 608 с. ISBN 5-94157-160-7.
% https://www.studmed.ru/voevodin-vv-parallelnye-vychisleniya_42cf5ce8568.html] 

@misc{Voevodin_book,
  title = {{В.В. Воеводин, Вл.В. Воеводин. Параллельные вычисления. СПб.: БХВ-Петербург, 2002. 608 с. ISBN 5-94157-160-7.}},
  howpublished = "\url{https://www.studmed.ru/voevodin-vv-parallelnye-vychisleniya_42cf5ce8568.html}"
}

% [AlgoWiki. Стандарт визуализации графов алгоритмов
% https://algowiki-project.org/ru/Стандарт_визуализации_ГА]

@misc{AlgoWiki_standart,
  title = {{AlgoWiki. Стандарт визуализации графов алгоритмов.}},
  howpublished = "\url{https://algowiki-project.org}"
}

% [Официальный сайт библиотеки OpenGL https://www.opengl.org/] 

@misc{OpenGL_offc,
  title = {{Официальный сайт библиотеки OpenGL.}},
  howpublished = "\url{https://www.opengl.org}"
}


% [Официальный сайт библиотеки WebGL https://www.khronos.org/webgl/] 

@misc{WebGL_offc,
  title = {{Официальный сайт библиотеки WebGL.}},
  howpublished = "\url{https://www.khronos.org/webgl}"
}


% [Официальный сайт библиотеки Three.js https://threejs.org/] 

@misc{Threejs_offc,
  title = {{Официальный сайт библиотеки Three.js.}},
  howpublished = "\url{https://threejs.org}"
}

% [Официальный сайт библиотеки Babylon.js https://www.babylonjs.com/] 

@misc{Babylonjs_offc,
  title = {{Официальный сайт библиотеки Babylon.js.}},
  howpublished = "\url{https://www.babylonjs.com}"
}

% [Официальный сайт библиотеки VTK (Visualization Toolkit) https://vtk.org/] 

@misc{VTK_offc,
  title = {{Официальный сайт библиотеки VTK (Visualization Toolkit).}},
  howpublished = "\url{https://vtk.org}"
}

% [Официальный сайт библиотеки OpenSceneGraph http://www.openscenegraph.com/] 

@misc{OpenSceneGraph_offc,
  title = {{Официальный сайт библиотеки OpenSceneGraph.}},
  howpublished = "\url{http://www.openscenegraph.com}"
}

% [Официальный сайт библиотеки DirectX https://www.microsoft.com/ru-ru/download/details.aspx?id=35] 

@misc{DirectX_offc,
  title = {{Официальный сайт API-интерфейса DirectX.}},
  howpublished = "\url{https://www.microsoft.com/ru-ru/download/details.aspx?id=35}"
}

% [Официальный сайт библиотеки Unity https://unity.com/ru] 

@misc{Unity_offc,
  title = {{Официальный сайт библиотеки Unity.}},
  howpublished = "\url{https://unity.com}"
}

% [Официальный сайт библиотеки Blender https://www.blender.org/] 

@misc{Blender_offc,
  title = {{Официальный сайт платформы Blender.}},
  howpublished = "\url{https://www.blender.org}"
}

% [Официальный сайт библиотеки Maya https://www.autodesk.com/products/maya/overview]

@misc{Maya_offc,
  title = {{Официальный сайт платформы Maya.}},
  howpublished = "\url{https://www.autodesk.com/products/maya/overview}"
}




% [David Flanagan. JavaScript Pocket Reference, 3rd Edition
% https://www.oreilly.com/library/view/javascript-pocket-reference/9781449335977/] 

@misc{JavaScript_book,
  title = {{David Flanagan. JavaScript Pocket Reference, 3rd Edition.}},
  howpublished = "\url{https://www.oreilly.com/library/view/javascript-pocket-reference/9781449335977}"
}

% [Официальная документация модуля OrbitControls
% https://threejs.org/docs/#examples/en/controls/OrbitControls]

@misc{OrbitControls_offc,
  title = {{Официальная документация модуля OrbitControls.}},
  howpublished = "\url{https://threejs.org/docs/#examples/en/controls/OrbitControls}"
}

% [GitHub репозиторий модуля dat.GUI https://github.com/dataarts/dat.gui] 

@misc{dat_gui_github,
  title = {{GitHub репозиторий модуля dat.GUI.}},
  howpublished = "\url{https://github.com/dataarts/dat.gui}"
}

% [Официальный сайт платформы Node.js https://nodejs.org/en/about] 

@misc{nodejs_offc,
  title = {{Официальный сайт платформы Node.js}},
  howpublished = "\url{https://nodejs.org/en/about}"
}

% [Официальный сайт платформы Docker https://www.docker.com/why-docker/] 

@misc{docker_offc,
  title = {{Официальный сайт платформы Docker.}},
  howpublished = "\url{https://www.docker.com/why-docker}"
}

% [GitHub репозиторий алгоритма MeshLine https://github.com/spite/THREE.MeshLine]

@misc{MeshLine_github,
  title = {{GitHub репозиторий алгоритма MeshLine.}},
  howpublished = "\url{https://github.com/spite/THREE.MeshLine}"
}

% [GitHub репозиторий алгоритма TextSprite https://github.com/SeregPie/THREE.TextSprite]

@misc{TextSprite_github,
  title = {{GitHub репозиторий алгоритма TextSprite.}},
  howpublished = "\url{https://github.com/SeregPie/THREE.TextSprite}"
}

% [GitHub репозиторий алгоритма TextTexture
% https://github.com/SeregPie/THREE.TextTexture] 

@misc{TextTexture_github,
  title = {{GitHub репозиторий алгоритма TextTexture.}},
  howpublished = "\url{https://github.com/SeregPie/THREE.TextTexture}"
}










% MISC




@misc{GraphDrawingAlgorithms,
    title = {{С. Chaomei, Graph Drawing Algorithms, 2006. DOI:10.1007/1-84628-579-8\_3}},
    howpublished = "\url{https://www.researchgate.net/publication/319727107_Graph_Drawing_Algorithms}"
}


@misc{AutomaticGraphDrawingAlgorithms,
	title = {{S. Sim, Automatic Graph Drawing Algorithms. 1999}},
	howpublished = "\url{https://www.researchgate.net/publication/2271614_Automatic_Graph_Drawing_Algorithms}"
}


@misc{TechniqueForDrawingDirectedGraphs,
	title = {{E.R. Gansner; E. Koutsofios; S.C. North; K.-P. Vo, A technique for drawing directed graphs, 1993. DOI: 10.1109/32.221135. Publisher: IEEE}},
	howpublished = "\url{https://ieeexplore.ieee.org/document/221135}"
}


@misc{MethodsAndToolsForVisualizationOfGraphsAndGraphAlgorithms,
	title = {{V.N. Kasyanov, Methods and Tools for Visualization of Graphs and Graph Algorithms, 2021. INTERNATIONAL JOURNAL OF APPLIED MATHEMATICS AND INFORMATICS. DOI: 10.46300/91014.2021.15.13}},
	howpublished = "\url{https://www.naun.org/main/UPress/ami/2021/a262013-013(2021).pdf}"
}


@misc{VisualAnalysisOfGraphAlgorithmDynamics,
	title = {{M.Burch, G.Wallner, H.Wetering, F.Rooks, O.Morra, Visual Analysis of Graph Algorithm Dynamics, 2021. 14th International Symposium on Visual Information Communication and Interaction. DOI: 10.1145/3481549}},
	howpublished = "\url{https://dl.acm.org/doi/10.1145/3481549.3481550}"
}


@misc{Anewmethodtooptimizefor3Dlargegraphdrawing,
	title = {{M.Dodo, F.Andriamanampisoa, P.Torguet, J.Jessel, A new method to optimize the force-directed placement for 3D large graph drawing, 2007. Conference: Proceedings of the 5th International Conference on Computer Graphics, Virtual Reality, Visualisation and Interaction. DOI: 10.1145/1294685.1294709}},
	howpublished = "\url{https://www.researchgate.net/publication/220804553_A_new_method_to_optimize_the_force-directed_placement_for_3D_large_graph_drawing}"
}



@misc{FastMultiDimensionalAlgorithmforDrawingLargeGraphs,
	title = {{P.Gajer, M.Goodrich, S.Kobourov, A Fast Multi-Dimensional Algorithm for Drawing Large Graphs, 2000}},
	howpublished = "\url{https://www2.cs.arizona.edu/~kobourov/grip_paper.pdf}"
}



@misc{WebGLGraphicsandAnimation,
	title = {{D.Carson, WebGL: Graphics and Animation, 2020. DOI:10.13140/RG.2.2.18538.95683}},
	howpublished = "\url{https://www.researchgate.net/publication/344244517_Research-Paper-WebGL}"
}


@misc{ResearchandApplicationofWeb3D,
	title = {{M.J. Bian, H.H. Gao, J. Gao, Research and Application of Web3D Exhibition Based on WebGL and Html5, 2015. Conference: 2015 International Conference on Electrical, Automation and Mechanical Engineering. DOI:10.2991/eame-15.2015.220}},
	howpublished = "\url{https://www.researchgate.net/publication/300618815_Research_and_Application_of_Web3D_Exhibition_Based_on_WebGL_and_Html5}"
}


@misc{ThreejsFramework,
	title = {{B.Danchilla, Three.js Framework, 2012. In book: Beginning WebGL for HTML5 (pp.173-203). DOI:10.1007/978-1-4302-3997-0\_7}},
	howpublished = "\url{https://www.researchgate.net/publication/302306483_Threejs_Framework}"
}



@misc{MVCArchitecture,
	title = {{A.Majeed, I.Rauf, MVC Architecture: A Detailed Insight to the Modern Web Applications Development, 2018}},
	howpublished = "\url{https://crimsonpublishers.com/prsp/pdf/PRSP.000505.pdf}"
}


@misc{DesigningMVCModelforRapidWebApplicationDevelopment,
	title = {{D.Pop, A.Samuel, Designing an MVC Model for Rapid Web Application Development, 2014. DOI:10.1016/j.proeng.2014.03.106}},
	howpublished = "\url{https://www.researchgate.net/publication/275540078_Designing_an_MVC_Model_for_Rapid_Web_Application_Development}"
}


